@article{wang2013effect,
  title={The effect of traffic and road characteristics on road safety: A review and future research direction},
  author={Wang, Chao and Quddus, Mohammed A and Ison, Stephen G},
  journal={Safety science},
  volume={57},
  pages={264--275},
  year={2013},
  publisher={Elsevier},
  keywords = {faixa-azul}
}


@article{bavoso2014sistema,
  title={O sistema nacional de tr{\^a}nsito e os munic{\'\i}pios de pequeno porte},
  author={Bavoso, Nat{\'a}lia Couto},
  year={2014},
  journal={Universidade Federal de Minas Gerais},
  keywords = {faixa-azul}
}

@article{vasconcellos2005cidade,
  title={A cidade, o transporte e o tr{\^a}nsito},
  author={Vasconcellos, Eduardo Alc{\^a}ntara de},
  journal={S{\~a}o Paulo: Prolivros},
  year={2005},
  keywords = {faixa-azul}
}

@article{CTB,
  title={Código de Trânsito Brasileiro},
  author={{Lei n.º 14.599, de 19 de junho de 2023}},
  url={https://www.planalto.gov.br/ccivil_03/_Ato2023-2026/2023/Lei/L14599.htm#art1},
  year={2023},
  keywords = {faixa-azul}
}

@article{segviaria,
  title={Segurança Viária},
  author={Antônio Clóvis Pinto ``Coca'' Ferraz and Archimedes Azevedo Raia Junior and Barbara Stolte Bezerra and Jorge Tiago Bastos and Karla Rodrigues Silva},
  journal={Suprema Gráfica e Editora},
  year={2012},
  keywords = {faixa-azul}
}

@article{saini2022exclusive,
  title={Exclusive motorcycle lanes: A systematic review},
  author={Saini, Harish Kumar and Chouhan, Shivam Singh and Kathuria, Ankit},
  journal={IATSS research},
  volume={46},
  number={3},
  pages={411--426},
  year={2022},
  publisher={Elsevier},
  keywords = {faixa-azul}
},

@article{jun1992traffic,
  title={Traffic segregation on spatial and temporal bases: the experience of bicycle traffic operations in China},
  author={Jun, Wang and Heng, Wei},
  journal={Transportation research record},
  volume={1396},
  pages={11},
  year={1992},
  keywords = {faixa-azul}
}

@article{nielsen2007traffic,
  title={Traffic integration or segregation for the sustainable city: A review of current debate and literature},
  author={Nielsen, Gustaf},
  year={2007},
  publisher={V{\"a}gverket},
  keywords = {faixa-azul}
}

@Online{origemFaixaAzul,
 author = {{Despachante DOK}},
 year = {2022},
 title = {Faixa azul SP: entenda como funciona o projeto},
 journal = {{Despachante DOK}},
 url = {https://www.despachantedok.com.br/blog/veiculo/faixa-azul-sp/},
 urldate = {2023-09-15},
  keywords = {faixa-azul}
}

@Online{noticiaDesativacao,
 author = {Fabiana Maranhão},
 year = {2013},
 title = {Prefeitura decide desativar motofaixas em São Paulo},
 journal = {UOL},
 url = {https://noticias.uol.com.br/cotidiano/ultimas-noticias/2013/11/18/prefeitura-decide-desativar-motofaixas-em-sao-paulo.htm},
 urldate = {2023-09-15},
  keywords = {faixa-azul}
}
@Online{premioSENATRAN,
 author = {CET},
 year = {2023},
 title = {Faixa Azul completa 1 ano sem registros de mortes onde foi implantada},
 journal = {CETSP},
 url = {http://www.cetsp.com.br/noticias/2023/01/25/faixa-azul-completa-1-ano-sem-registros-de-mortes-onde-foi-implantada-(1).aspx},
 urldate = {2023-09-15},
  keywords = {faixa-azul}
}

@article{relatorioCET,
 author = {CET},
 year = {2021},
 title = {Apresentação da Campanha Educativa FaixaAzul},
 journal = {CETSP},
 urldate = {2023-09-11},
  keywords = {faixa-azul}
}

@article{RadinSohadi_Mackay_Hills_2000,
 title={Multivariate Analysis of Motorcycle Accidents and the Effects of Exclusive Motorcycle Lanes in Malaysia}, 
 volume={2}, 
 ISSN={1028-6586}, 
 DOI={10.1080/10286580008902549}, 
 number={1}, 
 journal={Journal of Crash Prevention and Injury Control}, 
 publisher={Taylor \& Francis}, 
 author={Radin Sohadi, Radin Umar and Mackay, Murray and Hills, Brian}, 
 year={2000}, 
 month={Mar}, 
 pages={11–17},
 keywords = {faixa-azul}
}

@Article{Res_SG-6_de_23-2-2016,
  author       = {DOE-SP},
  title        = {Resolução SG-6, de 23-2-2016},
  nota         = {Dispõe sobre os procedimentos, no âmbito da
Secretaria de Governo, visando a publicação mensal das informações relativas à óbitos e acidentes
em decorrência de trânsito},

  journal      = {Diário Oficial do Estado de São Paulo},
  year         = {2016},
  date         = {2016-02-24},
  organization = {Estado de São Paulo},
  urldate      = {2023-10-13},
  address      = {Palácio dos Bandeirantes, Av. Morumbi 4.500},
  shorttitle   = {Resolução SG-6, de 23-2-2016},
  timestamp    = {2023-10-13},
  keywords = {faixa-azul}
}

@article{plano_segviar,
 author = {{Decreto Municipal n°58.717}},
 year = {2019},
 title = {Plano de segurança viária do município de São Paulo},
 journal = {},
  keywords = {faixa-azul}
}

@article{souza2022tendencia,
  title={Tend{\^e}ncia da taxa de mortalidade por acidentes de tr{\^a}nsito entre motociclistas no estado de S{\~a}o Paulo, Brasil, de 2015 a 2020},
  author={Souza, Rafael Carboni de and Abreu, Luiz Carlos de and Bebiano, Beatriz Cecilio and Leit{\~a}o, Francisco Naildo Cardoso and Rodrigues, Luciano Miller Reis},
  journal={Revista Brasileira de Epidemiologia},
  volume={25},
  year={2022},
  publisher={SciELO Brasil},
 keywords = {faixa-azul}
}

@article{magaly2011,
  title={Análise comparativa dos bancos de dados disponíveis no Brasil sobre vítimas fatais em acidentes de trânsito},
  author={Magaly Natália Pazzian Vasconcellos Romão and Cintia Isabel de Campos},
  journal={$18^o$ Congresso Brasileiro de Transporte e Trânsito},
  year={2011},
 keywords = {faixa-azul}
}

@article{denise2012gestao,
  title={Gestão da informação e redução de acidentes de trânsito no Brasil},
  author={Denise Lima Lopes},
  journal={CET-SP, Nota Técnica},
  year={2012},
 keywords = {faixa-azul}
}

@article{CAIXA2021,
  title={Relatório de administração DPVAT},
  author={Caixa},
  journal={Caixa Econômica Federal},
  year={2021},
  url = {https://fundosdegoverno.caixa.gov.br/sicfg/downloads/baixar?chaveDocumento=1619},
  keywords = {faixa-azul}
}

@techreport{nogueira2016morte,
  title={Morte no tr{\^a}nsito n{\~a}o {\'e} acidente: por que o registro nacional de acidentes e estat{\'\i}sticas de tr{\^a}nsito precisa sair do papel?},
  author={Nogueira, Andr{\'e} Fernando da Silva},
  year={2016},
  keywords = {faixa-azul}
}

@article{chen2021modeling,
  title={Modeling accident risks in different lane-changing behavioral patterns},
  author={Chen, Qinghong and Huang, Helai and Li, Ye and Lee, Jaeyoung and Long, Kejun and Gu, Ruifeng and Zhai, Xiaoqi},
  journal={Analytic methods in accident research},
  volume={30},
  pages={100159},
  year={2021},
  publisher={Elsevier},
  keywords = {faixa-azul}
}

@article{blomquist1986utility,
  title={A utility maximization model of driver traffic safety behavior},
  author={Blomquist, Glenn},
  journal={Accident Analysis \& Prevention},
  volume={18},
  number={5},
  pages={371--375},
  year={1986},
  publisher={Elsevier},
  keywords = {faixa-azul}
}

@article{pedersen2003moral,
  title={Moral hazard in traffic games},
  author={Pedersen, P{\aa}l Andreas},
  journal={Journal of Transport Economics and Policy (JTEP)},
  volume={37},
  number={1},
  pages={47--68},
  year={2003},
  publisher={Journal of Transport Economics and Policy},
  keywords = {faixa-azul}
}

@article{abadie2010synthetic,
  title={Synthetic control methods for comparative case studies: Estimating the effect of California’s tobacco control program},
  author={Abadie, Alberto and Diamond, Alexis and Hainmueller, Jens},
  journal={Journal of the American statistical Association},
  volume={105},
  number={490},
  pages={493--505},
  year={2010},
  publisher={Taylor \& Francis},
  keywords = {faixa-azul}
}

@article{nbr10697,
  title        = {NBR 10697: Pesquisa de sinistros de trânsito — Terminologia},
  organization = {Associação Brasileira de Normas Técnicas},
  author = {NBR},
  year         = {2020},
  address      = {Rio de Janeiro},
  keywords = {faixa-azul}
}

@techreport{natalino2016estimativa,
  title={Estimativa da popula{\c{c}}{\~a}o em situa{\c{c}}{\~a}o de rua no Brasil},
  author={Natalino, Marco Antonio Carvalho},
  year={2016},
  institution={Texto para discuss{\~a}o},
  keywords = {pop-rua}
}

@article{barbosa2018implementaccao,
  title={Implementa{\c{c}}{\~a}o das pol{\'\i}ticas p{\'u}blicas voltadas para a popula{\c{c}}{\~a}o em situa{\c{c}}{\~a}o de rua: desafios e aprendizados},
  author={Barbosa, JC},
  journal={Programa de P{\'o}s-Gradua{\c{c}}{\~a}o em Pol{\'\i}ticas P{\'u}blicas e Desenvolvimento, Instituto de Pesquisa Econ{\^o}mica Aplicada. Bras{\'\i}lia},
  year={2018},
  keywords = {pop-rua}
}

@article{secretariaPernambuco,
  title={Secretaria de Desenvolvimento Social, Crian{\c{c}}a e Juventude},
  author={do Trabalho, Ger{\^e}ncia de Gest{\~a}o and Permanente, Educa{\c{c}}{\~a}o},
  keywords = {pop-rua}
}

@article{rauppvulnerab,
  title={Territ{\'o}rios psicotr{\'o}picos na regi{\~a}o central da cidade de Porto Alegre, RS, Brasil},
  author={Raupp, Luciane and Adorno, Rubens de Camargo Ferreira},
  journal={Sa{\'u}de e Sociedade},
  volume={24},
  pages={803--815},
  year={2015},
  publisher={SciELO Public Health},
  keywords = {pop-rua}
}

@article{serafinocentro,
  title={Pol{\'\i}ticas para a popula{\c{c}}{\~a}o adulta em situa{\c{c}}{\~a}o de rua: quest{\~o}es para debate},
  author={Serafino, Irene and Luz, Lila Cristina Xavier},
  journal={Revista Kat{\'a}lysis},
  volume={18},
  pages={74--85},
  year={2015},
  publisher={SciELO Brasil},
  keywords = {pop-rua}
}

@article{medeirosbenesse,
  title={Entre a benesse e o direito: as pol{\'\i}ticas de atendimento {\`a} popula{\c{c}}{\~a}o em situa{\c{c}}{\~a}o de rua na Am{\'e}rica Latina},
  author={Medeiros, Fernanda Cavalcanti de and Matos, Anna Carolina Vidal and Pagnussat, Esequiel and Oliveira, Isabel Maria Farias Fernandes},
  journal={Psicologia em Estudo},
  volume={25},
  pages={e45025},
  year={2020},
  publisher={SciELO Brasil},
  keywords = {pop-rua}
}

@article{silvaaumento,
  title={Popula{\c{c}}{\~a}o em situa{\c{c}}{\~a}o de rua em tempos de pandemia: um levantamento de medidas municipais emergenciais},
  author={Silva, Tatiana Dias and Natalino, Marco Ant{\^o}nio Carvalho and Pinheiro, Marina Brito},
  year={2020},
  publisher={Instituto de Pesquisa Econ{\^o}mica Aplicada (Ipea)},
  keywords = {pop-rua}
}

@article{chan2020valuing,
  title={Valuing primary schools in urban China},
  author={Chan, Jimmy and Fang, Xian and Wang, Zhi and Zai, Xianhua and Zhang, Qinghua},
  journal={Journal of Urban Economics},
  volume={115},
  pages={103183},
  year={2020},
  publisher={Elsevier},
  keywords = {escolas}
}

@article{fack2010better,
  title={When do better schools raise housing prices? Evidence from Paris public and private schools},
  author={Fack, Gabrielle and Grenet, Julien},
  journal={Journal of public Economics},
  volume={94},
  number={1-2},
  pages={59--77},
  year={2010},
  publisher={Elsevier},
  keywords = {escolas}
}

@article{ImpactsAirPollution,
  title={Impacts of air pollution on urban housing prices in China. },
  author={Ou, Y., Zheng, S., e Nam, K. M.},
  journal={Journal of Housing and the Built Environment},
  volume={94},
  number={1-2},
  pages={59--77},
  year={2022},
  publisher={Elsevier},
  keywords = {escolas}
}
@article{RealStatevaluation,
  title={Real estate valuation and cross-boundary
air pollution externalities: evidence from Chinese cities. },
  author={Zheng, S., Cao, J., Kahn, M. E., e Sun, C. },
  journal={The Journal of Real Estate Finance and
Economics},
  volume={94},
  number={1-2},
  pages={59--77},
  year={2014},
  publisher={Elsevier},
  keywords = {escolas}
}

@article{LandResidencial,
  title={Land and residential property markets in a booming economy:New evidence from Beijing},
  author={Zheng, S., Cao, J., Kahn, M. E., e Sun, C. },
  journal={Zheng, S., e Kahn, M. E. },
  volume={94},
  number={1-2},
  pages={59--77},
  year={2008},
  publisher={Elsevier},
  keywords = {escolas}
}
@article{CapitalHumano,
  title={Capital Humano e Capital Urbano: o Impacto das Escolas
nos Pre ̧cos dos Im ́oveis no Munic ́ıpio de S ̃ao Paulo},
  author={Carla Jucá Amrein},
  journal={Paper},
  volume={94},
  number={1-2},
  pages={59--77},
  year={2010},
  publisher={Elsevier},
  keywords = {escolas}
}

@article{DadosPrefeitura,
  title={Dataset prefeitura},
  author={Prefeitura São Paulo},
  journal={},
  volume={94},
  number={1-2},
  pages={59--77},
  year={2019},
  publisher={Elsevier},
  keywords = {escolas}
}

@article{DadosKaggle,
  title={Dataset imóveis loft},
  author={Kaggle},
  journal={https://www.kaggle.com/code/argonalyst/an-lise-business-case-ds-loft},
  volume={94},
  number={1-2},
  pages={59--77},
  year={2019},
  publisher={Elsevier},
  keywords = {escolas}
}

@article{rosen1974hedonic,
  title={Hedonic prices and implicit markets: product differentiation in pure competition},
  author={Rosen, Sherwin},
  journal={Journal of political economy},
  volume={82},
  number={1},
  pages={34--55},
  year={1974},
  publisher={The University of Chicago Press},
  keywords = {escolas}
}

@article{verhofen2005markov,
  title={Markov chain monte carlo methods in financial econometrics},
  author={Verhofen, Michael},
  journal={Financial Markets and Portfolio Management},
  volume={19},
  number={4},
  pages={397--405},
  year={2005},
  publisher={Springer},
  keywords = {markov}
}

@article{khiatani2017weather,
  title={Weather forecasting using hidden Markov model},
  author={Khiatani, Diksha and Ghose, Udayan},
  booktitle={2017 International Conference on Computing and Communication Technologies for Smart Nation (IC3TSN)},
  pages={220--225},
  year={2017},
  organization={IEEE},
  keywords = {markov}
}

@article{rai2016google,
  title={Google pagerank algorithm: Markov chain model and hidden Markov model},
  author={Rai, Prerna and Lal, Arvind},
  journal={International Journal of Computer Applications},
  volume={138},
  number={9},
  pages={9--13},
  year={2016},
  publisher={Foundation of Computer Science},
  keywords = {markov}
}

@article{james1980monte,
  title={Monte Carlo theory and practice},
  author={James, Frederick},
  journal={Reports on progress in Physics},
  volume={43},
  number={9},
  pages={1145},
  year={1980},
  publisher={IOP Publishing},
  keywords = {markov}
}

@Book{Ross97,
  Title = {Introduction to Probability Models},
  Author = {Sheldon M. Ross},
  Publisher = {Academic Press},
  Year = {1997},
  Address = {San Diego, CA, USA},
  Edition = {Sixth},
  keywords = {markov}
}