@article{itau,
  title={Taxa neutra de juros no Brasil.},
  journal={{ItaÃº Asset Management}},
  year={2017}
}